<?xml version="1.0" encoding="UTF-8"?><collection xmlns="http://www.loc.gov/MARC21/slim"><record><leader>00482nam--2200133-i-4500</leader><controlfield tag="001">000040678</controlfield><controlfield tag="002">20161230</controlfield><controlfield tag="005">20161230201042</controlfield><controlfield tag="008">060222s1000------------r-----000-0-eng-d</controlfield><datafield ind1=" " ind2=" " tag="080"><subfield code="a">546.74</subfield></datafield><datafield ind1=" " ind2=" " tag="100"><subfield code="a">Scherrer, Stanislas</subfield></datafield><datafield ind1=" " ind2=" " tag="245"><subfield code="a">Etude par resistivite des lacunes retenues par trempe dans le nickel pur et quelques solutions solides tres diluees a base de nickel. these</subfield></datafield><datafield ind1=" " ind2=" " tag="260"><subfield code="a">Nancy, Laboratoire De Physique Des Solides De L`Ecole Des Mines, 1970, 64p.+fig</subfield></datafield><datafield ind1=" " ind2=" " tag="852"><subfield code="a">35772</subfield></datafield></record></collection>